<?xml version="1.0" encoding="UTF-8"?><collection xmlns="http://www.loc.gov/MARC21/slim"><record><leader>00515nam--2200181-i-4500</leader><controlfield tag="001">000015075</controlfield><controlfield tag="002">20161230</controlfield><controlfield tag="005">20161230201031</controlfield><controlfield tag="008">060222s1000------------r-----000-0-eng-d</controlfield><datafield ind1=" " ind2=" " tag="040"><subfield code="a">IFIN-HH</subfield></datafield><datafield ind1=" " ind2=" " tag="080"><subfield code="a">804</subfield></datafield><datafield ind1="1" ind2=" " tag="100"><subfield code="a">Braescu, Ion /S.A.</subfield></datafield><datafield ind1="1" ind2="0" tag="245"><subfield code="a">Invatati limba franceza fara profesor</subfield><subfield code="c">Ion braescu, silvia pandelescu, sorina bercescu, maria braescu</subfield></datafield><datafield ind1=" " ind2=" " tag="260"><subfield code="a">Bucuresti</subfield><subfield code="b">Editura Stiintifica</subfield><subfield code="c">1963</subfield></datafield><datafield ind1=" " ind2=" " tag="300"><subfield code="a">605 P</subfield></datafield><datafield ind1="1" ind2=" " tag="700"><subfield code="a">Braescu, Maria</subfield></datafield><datafield ind1=" " ind2=" " tag="852"><subfield code="a">76105</subfield><subfield code="c">4</subfield></datafield><datafield ind1=" " ind2=" " tag="CAT"><subfield code="a">Sys</subfield><subfield code="c">20130206</subfield><subfield code="h">165933</subfield></datafield></record></collection>